@article{stearns_reconstructing_2009,
	title = {Reconstructing the {Past}: {A} {Century} of {Ideas} {About} {Emotion} in {Psychology}},
	volume = {1},
	issn = {1754-0739, 1754-0747},
	shorttitle = {Reconstructing the {Past}},
	url = {http://journals.sagepub.com/doi/10.1177/1754073909338877},
	doi = {10.1177/1754073909338877},
	language = {en},
	number = {4},
	urldate = {2017-03-27},
	journal = {Emotion Review},
	author = {Gendron, Maria and Feldman Barrett, Lisa},
	editor = {Stearns, Peter N.},
	month = oct,
	year = {2009},
	pages = {316--339},
	file = {gendron-barrett-2009.pdf:/home/mtru/Bibliothek/Speicherort/storage/56G76RGC/gendron-barrett-2009.pdf:application/pdf}
}

@book{gerhard_stemmler_emotionspsychologie_2014,
	title = {Emotionspsychologie {Ein} {Lehrbuch}},
	publisher = {W. Kohlhammer Verlag},
	author = {{Gerhard Stemmler} and {Lothar Schmidt-Atzert} and {Martin Peper}},
	year = {2014},
	file = {1262684.pdf:/home/mtru/Bibliothek/Speicherort/storage/SND8A8J3/1262684.pdf:application/pdf;1262696.pdf:/home/mtru/Bibliothek/Speicherort/storage/4EDPRBPU/1262696.pdf:application/pdf;1262707.pdf:/home/mtru/Bibliothek/Speicherort/storage/29DZ2FUG/1262707.pdf:application/pdf;1262715.pdf:/home/mtru/Bibliothek/Speicherort/storage/S746GA99/1262715.pdf:application/pdf;1262725.pdf:/home/mtru/Bibliothek/Speicherort/storage/H5I5KWUN/1262725.pdf:application/pdf;1262739.pdf:/home/mtru/Bibliothek/Speicherort/storage/2AW822RV/1262739.pdf:application/pdf;Gerhard Stemmler et al. - 2014 - Emotionspsychologie Ein Lehrbuch.pdf:/home/mtru/Bibliothek/Speicherort/storage/WBIAWDEG/Gerhard Stemmler et al. - 2014 - Emotionspsychologie Ein Lehrbuch.pdf:application/pdf}
}

@book{anselm_winfried_muller_emotionen_2013,
	address = {Göttingen},
	title = {Emotionen - {Natur} und {Funktion}},
	url = {https://content-select.com/media/download/53833baa-ce38-43e3-89be-45a02efc1343/1349465?page=73},
	urldate = {2017-03-28},
	publisher = {Vandenhoeck \& Ruprecht},
	author = {{Anselm Winfried Müller} and {Rainer Reisenzein}},
	year = {2013},
	keywords = {appraisal theory, BDI-Architecture, Philosophy / Mind \& Body},
	file = {1349464.pdf:/home/mtru/Bibliothek/Speicherort/storage/AGZVPH98/1349464.pdf:application/pdf;1349465.pdf:/home/mtru/Bibliothek/Speicherort/storage/5QRCJ7ZE/1349465.pdf:application/pdf;1349466.pdf:/home/mtru/Bibliothek/Speicherort/storage/6MW4HUBV/1349466.pdf:application/pdf}
}

@article{larsen_relationship_2017,
	title = {On the relationship between positive and negative affect: {Their} correlation and their co-occurrence.},
	volume = {17},
	issn = {1931-1516, 1528-3542},
	shorttitle = {On the relationship between positive and negative affect},
	url = {http://doi.apa.org/getdoi.cfm?doi=10.1037/emo0000231},
	doi = {10.1037/emo0000231},
	language = {en},
	number = {2},
	urldate = {2017-03-29},
	journal = {Emotion},
	author = {Larsen, Jeff T. and Hershfield, Hal. E. and Stastny, Bradley J. and Hester, Neil},
	year = {2017},
	pages = {323--336},
	file = {Relationship-between-positive-and-negative-affect-1-On-the-relationship-between-positive-and-negative-affect-Their-correlation-and-their-co-occurrence.pdf:/home/mtru/Bibliothek/Speicherort/storage/WZHSD8QP/Relationship-between-positive-and-negative-affect-1-On-the-relationship-between-positive-and-negative-affect-Their-correlation-and-their-co-occurrence.pdf:application/pdf}
}

@article{yang_positive_2013,
	title = {Positive affect improves working memory: {Implications} for controlled cognitive processing},
	volume = {27},
	issn = {0269-9931, 1464-0600},
	shorttitle = {Positive affect improves working memory},
	url = {http://www.tandfonline.com/doi/abs/10.1080/02699931.2012.713325},
	doi = {10.1080/02699931.2012.713325},
	language = {en},
	number = {3},
	urldate = {2017-03-29},
	journal = {Cognition \& Emotion},
	author = {Yang, Hwajin and Yang, Sujin and Isen, Alice M.},
	month = apr,
	year = {2013},
	pages = {474--482},
	file = {02699931.2012.pdf:/home/mtru/Bibliothek/Speicherort/storage/ZB4X3BXQ/02699931.2012.pdf:application/pdf}
}

@book{michael_lewis_handbook_2008,
	address = {New York},
	edition = {3rd ed},
	title = {Handbook of emotions},
	isbn = {978-1-59385-650-2},
	publisher = {Guilford Press},
	editor = {{Michael Lewis} and {Jeannette M. Haviland-Jones} and {Lisa Feldman Barrett}},
	year = {2008},
	note = {OCLC: ocn175056027},
	keywords = {Emotions, Sociological aspects},
	file = {Handbook-of-Emotions_4.pdf:/home/mtru/Bibliothek/Speicherort/storage/83B6VGIZ/Handbook-of-Emotions_4.pdf:application/pdf}
}

@book{nietzsche_zur_2012,
	title = {Zur {Genealogie} der {Moral}},
	isbn = {978-3-8496-1628-1},
	abstract = {Das Werk, das aus einer Vorrede und drei \&quot;Abhandlungen\&quot; besteht, gehört zu den einflussreichsten Schriften Nietzsches. Er legte hier keine Aphorismen vor wie in den meisten anderen seiner Werke, sondern längere, systematische Texte mit durchaus wissenschaftlichem Anspruch: Er stellt darin soziologische, historische und psychologische Thesen auf. Nietzsche wollte anders als klassische Moralphilosophen keine Moral herleiten oder begründen, sondern die geschichtliche Entwicklung und die psychischen Voraussetzungen bestimmter moralischer Wertvorstellungen nachvollziehen. Er fragt also nicht, wie die Menschen handeln sollten, sondern warum Menschen (Einzelne oder Gruppen) glauben, sie sollten auf bestimmte Weise handeln, oder andere dazu bringen wollen, so oder so zu handeln. (aus wikipedia.de)},
	language = {de},
	publisher = {Jazzybee Verlag},
	author = {Nietzsche, Friedrich},
	year = {2012},
	note = {Google-Books-ID: iQ9NxeITqF8C},
	file = {Nietzsche.pdf:/home/mtru/Bibliothek/Speicherort/storage/NX6HHHWW/Nietzsche.pdf:application/pdf}
}

@incollection{crubellier_aristotle_2010,
	title = {Aristotle on the {Ways} and {Means} of {Rhetoric}},
	url = {http://link.springer.com/chapter/10.1007/978-90-481-9588-6_1},
	urldate = {2017-03-30},
	booktitle = {Approaches to {Legal} {Rationality}},
	publisher = {Springer},
	author = {Crubellier, Michel},
	year = {2010},
	pages = {3--24},
	file = {Aristotle-rhetoric.pdf:/home/mtru/Bibliothek/Speicherort/storage/9UWP5ZUW/Aristotle-rhetoric.pdf:application/pdf}
}

@book{aristotle_categories_1938,
	title = {The {Categories}},
	url = {http://218.92.44.21:8088/book/book23/2009893428392.pdf},
	urldate = {2017-03-30},
	publisher = {Heinemann},
	author = {Aristotle, By and {others}},
	year = {1938},
	file = {The-Complete-Aristotle.pdf:/home/mtru/Bibliothek/Speicherort/storage/2ZQUT5HG/The-Complete-Aristotle.pdf:application/pdf}
}

@misc{noauthor_handbook_nodate,
	title = {Handbook of {Affective} {Sciences}},
	url = {http://web.a.ebscohost.com/ehost/ebookviewer/ebook/bmxlYmtfXzEyOTY5MV9fQU41?sid=5d61ca68-ad06-473c-9cef-f8ad284ebaf0@sessionmgr4010&vid=3&format=EB&rid=1},
	urldate = {2017-03-31},
	file = {Handbook of Affective Sciences:/home/mtru/Bibliothek/Speicherort/storage/MEM89QNI/bmxlYmtfXzEyOTY5MV9fQU41.html:text/html}
}

@article{brennan_emotion_2002,
	title = {Emotion and {Peace} of {Mind}},
	volume = {43},
	issn = {00318051},
	url = {http://search.ebscohost.com/login.aspx?direct=true&db=aph&AN=10440921&site=ehost-live},
	abstract = {Books reviewed in this article: Richard Sorabji, Summary Tad Brennan, Emotion and Peace of Mind Peter BrownEmotion and Peace of Mind: From Stoic Agitation to Christian Temptation.},
	number = {3},
	urldate = {2017-03-31},
	journal = {Philosophical Books},
	author = {Brennan, Tad},
	month = jul,
	year = {2002},
	keywords = {EMOTION \& Peace of Mind: From Stoic Agitation to Christian Temptation (Book), PEACE of mind, TEMPTATION},
	pages = {169--220},
	file = {ContentServer.pdf:/home/mtru/Bibliothek/Speicherort/storage/QBC9PFK3/ContentServer.pdf:application/pdf}
}

@book{motto_additional_2009,
	title = {Additional {Essays} on {Seneca}},
	isbn = {978-3-631-58265-7},
	abstract = {This book contains nine essays on Lucius Annaeus Seneca, distinguished Stoic Philosopher, creative writer, and Statesman of the Neronian Age. As author of epistles, treatises, dialogues, dramas, and epigrams, he produced a variety of works that enriched Rome's literary achievement. Like the previous volumes - Essays on Seneca (Peter Lang, 1993) and Further Essays on Seneca (Peter Lang, 2001) - this book presents an in-depth analysis of the Cordoban Philosopher's thoughts and portrays his erudition, humanitas, artistry, and deep psychological understanding of the frailties and strengths of human nature.},
	language = {en},
	publisher = {Peter Lang},
	author = {Motto, Anna Lydia},
	year = {2009},
	note = {Google-Books-ID: 93T17sdzYxoC},
	keywords = {Philosophy / History \& Surveys / Ancient \& Classical}
}

@book{schafer_passiones_2013,
	title = {Passiones animae: {Die}" {Leidenschaften} der {Seele}" in der mittelalterlichen {Theologie} und {Philosophie}. {Ein} {Handbuch}},
	volume = {53},
	shorttitle = {Passiones animae},
	url = {https://books.google.com/books?hl=en&lr=&id=U0fnBQAAQBAJ&oi=fnd&pg=PA5&dq=%22%E2%80%9EEmotion%E2%80%9C+sowohl+lang+anhaltende+als+auch+kurze,+impulsive%22+%22f%C3%BCr+sein+emotionales+Leben.+Affekte+sind+Gegenstand%22+%22Gut+bef%C3%B6rdern+oder+verhindern%3F+Alle+gro%C3%9Fen+Schulen+%E2%80%93+die%22+%22betrauern+ist.+Wer+hingegen+ein+tugendhafter,+ein+gl%C3%BCcklicher+Mensch%22+&ots=GjHcfLniju&sig=NxBXyvXGmI4LcNP6cWiO2qdjLJs},
	urldate = {2017-03-31},
	publisher = {Walter de Gruyter GmbH \& Co KG},
	author = {Schäfer, Christian and Thurner, Martin},
	year = {2013},
	file = {9783050064710.13.pdf:/home/mtru/Bibliothek/Speicherort/storage/DMG9RHH4/9783050064710.13.pdf:application/pdf}
}

@book{hossenfelder_geschichte_2017,
	title = {Geschichte der {Philosophie} {Bd}. 3: {Die} {Philosophie} der {Antike} 3: {Stoa}, {Epikureismus} und {Skepsis}},
	isbn = {978-3-406-70344-7},
	shorttitle = {Geschichte der {Philosophie} {Bd}. 3},
	abstract = {In der vierzehnbändigen Reihe Geschichte der Philosophie, herausgegeben von Wolfgang Röd, stellen namhafte Philosophiehistoriker die Entwicklung des abendländischen Denkens durch alle Epochen bis zur Gegenwart einführend und allgemeinverständlich dar. Aus dem Inhalt von Band III: Grundzüge der hellenistischen Philosophie – Die Stoa: Hauptvertreter der alten Stoa, Ethik, Logik, Physik, die spätere Stoa – Der Epikureismus: Hauptvertreter, Ethik, Kanonik, Physik – Die Pyrrhonische Skepsis: Hauptvertreter, die ethische Grundlage der Skepsis, die Form der Skepsis, das praktische Verhalten des Pyrrhoneers – Die übrigen Schulen: Kynismus, Peripatos, Alte Akademie, Neue Akademie},
	language = {de},
	publisher = {C.H.Beck},
	author = {Hossenfelder, Malte},
	month = feb,
	year = {2017},
	note = {Google-Books-ID: jQ8PDgAAQBAJ},
	keywords = {History / Ancient / General, History / Social History, Philosophy / History \& Surveys / Ancient \& Classical, Philosophy / History \& Surveys / General}
}

@incollection{christoph_kann_emotionen_2016,
	title = {Emotionen in {Mittelalter} und {Renaissance}},
	url = {http://www.perspectivia.net/publikationen/francia/francia-recensio/2016-1/ma/kann_exarchos/view/++widget++form.widgets.IPSJOfficeDocTransformer.psj_pdf_repr/@@download/kann_exarchos.doc.pdf},
	urldate = {2017-03-31},
	booktitle = {Studia {Humaniora}. {D} ü sseldorfer {Studien} zu {Mittelalter} und  {Renaissance}},
	author = {{Christoph Kann}},
	year = {2016},
	file = {kann_exarchos.doc.pdf:/home/mtru/Bibliothek/Speicherort/storage/WAC2J8IH/kann_exarchos.doc.pdf:application/pdf}
}

@incollection{richard_sorabji_emotion_2000,
	title = {Emotion and {Peace} of  {Mind}. {From} {Stoic}  {Agitation}  to  {Christian}  {Temptation}},
	publisher = {Oxford University Press},
	author = {{Richard Sorabji}},
	year = {2000},
	pages = {500 pp},
	file = {EBSCO Full Text:/home/mtru/Bibliothek/Speicherort/storage/B6MU2C39/Brennan - 2002 - Emotion and Peace of Mind.pdf:application/pdf}
}

@incollection{robert_c._solomon_philosophy_2008,
	address = {New York},
	edition = {3 rd},
	title = {The {Philosophy} of {Emotions}},
	booktitle = {Handbook of emotions},
	publisher = {Guilford Press},
	author = {{Robert C. Solomon}},
	editor = {{Michael Lewis} and {Jeannette M. Haviland-Jones} and {Lisa Feldman Barrett}},
	year = {2008},
	file = {document.pdf:/home/mtru/Bibliothek/Speicherort/storage/IPNQPMIW/document.pdf:application/pdf}
}

@misc{irmgard_mannlein-robert_review_2001,
	title = {Review {Richard} {Sorabji}: {Emotion} and {Peace} of {Mind}. {From} {Stoic} {Agitation} to {Christian} {Temptation}.},
	url = {http://www.plekos.uni-muenchen.de/2001/rsorabji.pdf},
	urldate = {2017-04-03},
	author = {{Irmgard Männlein-Robert}},
	year = {2001},
	file = {rsorabji.pdf:/home/mtru/Bibliothek/Speicherort/storage/RG6ZFBR6/rsorabji.pdf:application/pdf}
}

@incollection{christoph_jager_augustinus_2011,
	address = {Münster},
	title = {Augustinus über {Emotionen} und {Meta}-{Emotionen}},
	url = {https://www.uibk.ac.at/philtheol/jaeger/publ/jaeger_augustinus-ueber-emotionen.pdf},
	urldate = {2017-04-03},
	booktitle = {Im {Drama} des {Lebens}},
	publisher = {Lit-Verlag},
	author = {{Christoph Jäger}},
	editor = {{Nikolaus Wandinger} and {Petra Steinmair-Pösel}},
	year = {2011},
	pages = {587-- 606},
	file = {jaeger_augustinus-ueber-emotionen.pdf:/home/mtru/Bibliothek/Speicherort/storage/4WHBF95F/jaeger_augustinus-ueber-emotionen.pdf:application/pdf}
}

@book{catherine_newmark_passion_2009,
	title = {Passion - {Affekt} - {Gefühl}: {Philosophische} {Theorien} der {Emotionen} zwischen {Aristoteles} und {Kant}},
	isbn = {978-3-7873-2093-6},
	shorttitle = {Passion - {Affekt} - {Gefühl}},
	abstract = {Die Lehre von den Affekten oder Passionen - den \&quot;affectus\&quot; oder \&quot;passiones animae\&quot; - gehört von der Antike bis weit ins 18. Jahrhundert hinein zum Grundbestand der Philosophie; erst im 19. Jahrhundert wird mit der zunehmenden Auslagerung von Anthropologie und Psychologie auch das Nachdenken über Emotionen in andere Fachgebiete abgedrängt.Diese Untersuchung widmet sich den wichtigsten Autoren und Traditionen philosophischer Emotionslehre von Aristoteles über die antike Stoa, Thomas von Aquin, Descartes und Hobbes bis hin zu Spinoza, Leibniz, Wolff und Kant. Sie arbeitet das psychologische Modell der \&quot;passio animae\&quot;, der \&quot;Leidenschaft der Seele\&quot;, heraus und zeichnet dessen konzeptuelle Entwicklungen und Transformationen durch die Jahrhunderte nach. Sie untersucht die Probleme, vor welche die Passionen die Moralphilosophie stellen, und verfolgt den nachhaltigen Einfluss aristotelischer Psychologie und stoischer Ethik in der Neuzeit.Erstmals liegt damit eine epochenübergreifende deutschsprachige Monographie zur Geschichte und zum Traditionszusammenhang der abendländischen Emotionstheorien vor.},
	language = {de},
	publisher = {Meiner Verlag},
	author = {{Catherine Newmark}},
	month = jul,
	year = {2009},
	keywords = {Philosophy / General, Philosophy / History \& Surveys / Modern}
}

@book{forschner_thomas_2006,
	title = {Thomas von {Aquin}},
	isbn = {978-3-406-52840-8},
	language = {de},
	publisher = {C.H.Beck},
	author = {Forschner, Maximilian},
	year = {2006}
}

@book{perler_rene_2006,
	title = {René {Descartes}},
	isbn = {978-3-406-54126-1},
	language = {de},
	publisher = {C.H.Beck},
	author = {Perler, Dominik},
	year = {2006},
	note = {Google-Books-ID: 4togjA0J0KEC}
}

@incollection{amy_m._schmitter_17th_2016,
	edition = {Winter 2016},
	title = {17th and 18th {Century} {Theories} of {Emotions}},
	booktitle = {The {Stanford} {Encyclopedia} of {Philosophy} ({Winter} 2016 {Edition})},
	publisher = {Metaphysics Research Lab, Stanford University},
	author = {{Amy M. Schmitter}},
	editor = {{Edward N. Zalta}},
	year = {2016}
}

@article{perler_descartes:_2008,
	title = {Descartes: {Emotionen} als psychophysische {Zustände}},
	shorttitle = {Descartes},
	url = {https://books.google.com/books?hl=en&lr=&id=iVE2X2d3bvkC&oi=fnd&pg=PA271&dq=%22einer+philosophischen+Theorie+erkl%C3%A4ren,+welche+Struktur%22+%22ein+reines+Gef%C3%BChl+ohne+jeden+repr%C3%A4sentationalen+und%22+%22Weitergehen%3F+Oder+entzieht+sich+eine+Emotion+einer%22+%22er+lediglich+die+physiologischen+Mechanismen+untersuchen,+die%22+&ots=aHrq2p9sJs&sig=sbF2zRX-qrU2POS2oBiZjv1cz98},
	urldate = {2017-04-03},
	journal = {Handbuch Klassische Emotionstheorien: Von Platon bis Wittgenstein},
	author = {Perler, Dominik},
	year = {2008},
	pages = {271},
	file = {9783110284263.269.pdf:/home/mtru/Bibliothek/Speicherort/storage/U49Z7V3E/9783110284263.269.pdf:application/pdf}
}

@incollection{renz_spinoza:_2008,
	address = {Berlin},
	title = {Spinoza: {Philosophische} {Therapeutik} der {Emotionen}},
	shorttitle = {Spinoza},
	url = {https://books.google.com/books?hl=en&lr=&id=RJN80MN3Z4gC&oi=fnd&pg=PA311&dq=%22bei+Descartes+und+Hobbes+eher+angedeutet+als%22+%22AT+XI,+326.+Zur+Ver%C3%A4nderung+des+philosophischen+Diskurses+%C3%BCber+die%22+%22auch+eine+Skizze+einer+Art+Therapeutik+der+Emotionen,+die%22+&ots=jeq-w0mnOV&sig=RubUMHSPOArqpImWQpRFWMY9XpY},
	urldate = {2017-04-04},
	booktitle = {Klassische {Emotionstheorien}. {Von} {Platon} bis {Wittgenstein}},
	publisher = {de Gruyter},
	author = {Renz, Ursula and {Hilge Landweer} and {Ursula Renz}},
	year = {2008},
	pages = {311--330},
	file = {9783110284263.309.pdf:/home/mtru/Bibliothek/Speicherort/storage/RE8NEQ34/9783110284263.309.pdf:application/pdf}
}

@incollection{pierre-francois_moreau_imitation_2006,
	address = {Berlin ; Boston},
	title = {Imitation der {Affekte} und zwischenmenschliche {Beziehungen}},
	url = {https://hal.archives-ouvertes.fr/file/index/docid/188949/filename/Imitation_der_Affekte.pdf},
	urldate = {2017-04-04},
	booktitle = {Baruch de {Spinoza}: {Ethik} in geometrischer {Ordnung} dargestellt},
	publisher = {Akademie Verlag GmbH},
	author = {{Pierre-François Moreau} and {Michael Hampe} and {Robert Schnepf}},
	year = {2006},
	file = {9783050050218.183.pdf:/home/mtru/Bibliothek/Speicherort/storage/TD89JQKR/9783050050218.183.pdf:application/pdf}
}

@incollection{francis_amann_liebe_2006,
	address = {Berlin, Boston},
	title = {Liebe und {Haß} (3p13–21): {Intentionalität},  {Repräsentation} und  {Bewußtsein}},
	url = {https://www.degruyter.com/downloadpdf/books/9783050050218/9783050050218.171/9783050050218.171.pdf},
	urldate = {2017-04-04},
	booktitle = {Baruch de {Spinoza}: {Ethik} in geometrischer {Ordnung} dargestellt},
	publisher = {Akademie Verlag GmbH},
	author = {{Francis Amann}},
	editor = {{Michael Hampe} and {Robert Schnepf}},
	year = {2006},
	file = {9783050050218.171.pdf:/home/mtru/Bibliothek/Speicherort/storage/73PMKUA9/9783050050218.171.pdf:application/pdf}
}

@incollection{demmerling_hume:_2008,
	address = {Berlin},
	title = {Hume: {Natur} und soziale {Gestalt} der {Affekte}},
	shorttitle = {Hume},
	url = {https://books.google.com/books?hl=en&lr=&id=iVE2X2d3bvkC&oi=fnd&pg=PA395&dq=%22(Treatise)+allerdings+keine+nennenswerten+Erg%C3%A4nzungen+enth%C3%A4lt,%22+%22Hume+1991+(zuerst%22+%22Anspruch,+sich+den+menschlichen+Dingen+und%22+%22verwendet.+Bereits+in+Buch+I+des+Traktats+werden+alle%22+%22w%C3%A4hrend+der+Eindruck+eines+unaufger%C3%A4umten+Zimmers%22+&ots=aHrq2wawPw&sig=TVnXksJQ3CBzg9-6g9_Xv0lYqDc},
	urldate = {2017-04-04},
	booktitle = {Handbuch {Klassische} {Emotionstheorien}: {Von} {Platon} bis {Wittgenstein}},
	publisher = {de Gruyter},
	author = {Demmerling, Christoph and Landweer, Hilge},
	year = {2008},
	pages = {395},
	file = {9783110284263.393.pdf:/home/mtru/Bibliothek/Speicherort/storage/PX953DDH/9783110284263.393.pdf:application/pdf}
}

@incollection{recki_kant:_2008,
	title = {Kant: {Vernunftgewirkte} {Gefühle}},
	shorttitle = {Kant},
	url = {https://books.google.com/books?hl=en&lr=&id=iVE2X2d3bvkC&oi=fnd&pg=PA459&dq=%22geht+es+ihm+um+dessen+kognitive+und+praktische+Funktion.+Wenn%22+%22Er%C3%B6rterung+der+Leistungen+und+Grenzen+der+Vernunft+auch+die+des%22+%22solche+Gef%C3%BChle,+deren+Ursprung+als+in+Prozessen+der+Reflexion%22+&ots=aHrq3n1yPs&sig=PMD4bOB-YsjllRjmZ2cZgg5PEkk},
	urldate = {2017-04-04},
	booktitle = {Handbuch {Klassische} {Emotionstheorien}: {Von} {Platon} bis {Wittgenstein}},
	author = {Recki, Birgit},
	year = {2008},
	pages = {459},
	file = {9783110284263.457.pdf:/home/mtru/Bibliothek/Speicherort/storage/6JCVXTH9/9783110284263.457.pdf:application/pdf}
}

@incollection{werner_stegmaier_nietzsche:_nodate,
	title = {Nietzsche: {Umwertung} (auch) der {Affekte}},
	url = {https://www.degruyter.com/downloadpdf/books/9783110284263/9783110284263.525/9783110284263.525.pdf},
	urldate = {2017-04-05},
	booktitle = {Handbuch {Klassische} {Emotionstheorien}: {Von} {Platon} bis {Wittgenstein}},
	author = {{Werner Stegmaier}},
	file = {9783110284263.525.pdf:/home/mtru/Bibliothek/Speicherort/storage/R9G3KFC2/9783110284263.525.pdf:application/pdf}
}

@book{nietzsche_frohliche_1887,
	title = {Die fröhliche {Wissenschaft}:(" {La} gaya scienza")},
	shorttitle = {Die fröhliche {Wissenschaft}},
	publisher = {EW Fritzsch},
	author = {Nietzsche, Friedrich Wilhelm},
	year = {1887},
	file = {nietzsche.pdf:/home/mtru/Bibliothek/Speicherort/storage/SJRAZQDG/nietzsche.pdf:application/pdf}
}

@incollection{slaby_james:_nodate,
	title = {James: {Von} der {Physiologie} zur {Phänomenologie}},
	shorttitle = {William {James} [},
	url = {http://www.academia.edu/download/3443379/Slaby_James_formatiert_11.4.pdf},
	urldate = {2017-04-06},
	booktitle = {Handbuch {Klassische} {Emotionstheorien}: {Von} {Platon} bis {Wittgenstein}},
	author = {Slaby, Jan},
	file = {9783110284263.547.pdf:/home/mtru/Bibliothek/Speicherort/storage/T98W34XF/9783110284263.547.pdf:application/pdf}
}

@incollection{maria-sibylla_lotter_whitehead:_nodate,
	title = {Whitehead: {Kritik} der {Gefühle}},
	url = {https://www.degruyter.com/downloadpdf/books/9783110284263/9783110284263.569/9783110284263.569.pdf},
	urldate = {2017-04-06},
	booktitle = {Handbuch {Klassische} {Emotionstheorien}: {Von} {Platon} bis {Wittgenstein}},
	author = {{Maria-Sibylla Lotter}},
	file = {9783110284263.569.pdf:/home/mtru/Bibliothek/Speicherort/storage/V8U2EKQH/9783110284263.569.pdf:application/pdf}
}

@book{alfred_north_whitehead_adventures_1967,
	address = {New York, London, Toronto, Sydney, Singapore},
	title = {Adventures {Of} {Ideas} {Free} {Press}},
	url = {http://archive.org/details/AlfredNorthWhiteheadAdventuresOfIdeasFreePress1967},
	abstract = {Adventures of Ideas, Cambridge University Press; New York: Macmillan, 1933; 1967.},
	language = {eng},
	urldate = {2017-04-06},
	publisher = {Free Press},
	author = {{Alfred North Whitehead}},
	year = {1967},
	keywords = {filosofie},
	file = {Alfred North Whitehead-Adventures of Ideas-Free Press (1967).pdf:/home/mtru/Bibliothek/Speicherort/storage/XUBRHEZ7/Alfred North Whitehead-Adventures of Ideas-Free Press (1967).pdf:application/pdf}
}

@book{shaviro_without_2012,
	title = {Without {Criteria}: {Kant}, {Whitehead}, {Deleuze}, and {Aesthetics}},
	isbn = {978-0-262-26115-9},
	shorttitle = {Without {Criteria}},
	abstract = {In Without Criteria, Steven Shaviro proposes and explores a philosophical fantasy: imagine a world in which Alfred North Whitehead takes the place of Martin Heidegger. What if Whitehead, instead of Heidegger, had set the agenda for postmodern thought? Heidegger asks, "Why is there something, rather than nothing?" Whitehead asks, "How is it that there is always something new?" In a world where everything from popular music to DNA is being sampled and recombined, argues Shaviro, Whitehead's question is the truly urgent one. Without Criteria is Shaviro's experiment in rethinking postmodern theory, especially the theory of aesthetics, from a point of view that hearkens back to Whitehead rather than Heidegger. In working through the ideas of Whitehead and Deleuze, Shaviro also appeals to Kant, arguing that certain aspects of Kant's thought pave the way for the philosophical "constructivism" embraced by both Whitehead and Deleuze. Kant, Whitehead, and Deleuze are not commonly grouped together, but the juxtaposition of them in Without Criteria helps to shed light on a variety of issues that are of concern to contemporary art and media practices.},
	language = {en},
	publisher = {MIT Press},
	author = {Shaviro, Steven},
	month = aug,
	year = {2012},
	note = {Google-Books-ID: fTYeu54xtkkC},
	keywords = {Philosophy / Criticism, Philosophy / Social}
}

@article{appetit_schelers_nodate,
	title = {Schelers {Herz}-was man alles fühlen kann},
	url = {http://www.unige.ch/lettres/philo/files/2714/2644/1524/mulligan_SchelerHerzRenz.pdf},
	urldate = {2017-04-06},
	author = {Appetit, Aufmerksamkeit and Bedauern, Befriedigung and Demut, Ehrfurcht and Eigenliebe, Einsfühlung and Ekel, Erbarmen and Freude, Fremdliebe},
	file = {9783110284263.587.pdf:/home/mtru/Bibliothek/Speicherort/storage/MUPUZECJ/9783110284263.587.pdf:application/pdf}
}

@article{moser_philosophie_2016,
	title = {Philosophie der {Gefühle} zwischen {Feeling}-{Theorien}, {Kognitionstheorien} und {Axiologie}},
	volume = {16},
	url = {http://www.axiapublishers.com/ojs/index.php/labyrinth/article/view/31},
	number = {1},
	urldate = {2017-04-06},
	journal = {Labyrinth},
	author = {Moser, Susanne},
	year = {2016},
	pages = {77--91},
	file = {Moser-PhiloGefuehle.pdf:/home/mtru/Bibliothek/Speicherort/storage/XNMC6N77/Moser-PhiloGefuehle.pdf:application/pdf}
}

@book{franz_clemens_brentano_psychologie_1874,
	address = {Leipzig},
	title = {Psychologie vom empirischen {Standpunkt}},
	url = {https://ia800201.us.archive.org/14/items/psychologievome02brengoog/psychologievome02brengoog.pdf},
	urldate = {2017-04-06},
	publisher = {Duncker \& Humboldt},
	author = {{Franz Clemens Brentano}},
	year = {1874},
	file = {psychologievome02brengoog.pdf:/home/mtru/Bibliothek/Speicherort/storage/HEC3ECME/psychologievome02brengoog.pdf:application/pdf}
}

@incollection{gunter_gebauer_wittgenstein:_2008,
	address = {Berlin ; Boston},
	title = {Wittgenstein: {Das} {Sprachspiel} der {Emotionen}},
	url = {https://www.degruyter.com/downloadpdf/books/9783110284263/9783110284263.613/9783110284263.613.pdf},
	urldate = {2017-04-07},
	booktitle = {Handbuch {Klassische} {Emotionstheorien}: {Von} {Platon} bis {Wittgenstein}},
	publisher = {de Gruyter},
	author = {{Gunter Gebauer} and {Anna Stuhldreher}},
	year = {2008},
	pages = {613--634},
	file = {9783110284263.613.pdf:/home/mtru/Bibliothek/Speicherort/storage/DK9382IJ/9783110284263.613.pdf:application/pdf}
}

@incollection{barbara_merker_heidegger_2008,
	address = {Berlin ; Boston},
	title = {Heidegger und {Bollnow}: {Theorie} der {Befindlichkeit} und ihre {Kritik}},
	url = {https://www.degruyter.com/downloadpdf/books/9783110284263/9783110284263.635/9783110284263.635.pdf},
	urldate = {2017-04-07},
	booktitle = {Handbuch {Klassische} {Emotionstheorien}: {Von} {Platon} bis {Wittgenstein}},
	publisher = {de Gruyter},
	author = {{Barbara Merker}},
	year = {2008},
	file = {9783110284263.635.pdf:/home/mtru/Bibliothek/Speicherort/storage/RU9H3TNC/9783110284263.635.pdf:application/pdf}
}

@incollection{jean-pierre_wils_sartre:_2008,
	address = {Berlin ; Boston},
	title = {Sartre: {Emotionen} als {Urteile}},
	url = {https://www.degruyter.com/downloadpdf/books/9783110284263/9783110284263.661/9783110284263.661.pdf},
	urldate = {2017-04-07},
	booktitle = {Handbuch {Klassische} {Emotionstheorien}: {Von} {Platon} bis {Wittgenstein}},
	publisher = {de Gruyter},
	author = {{Jean-Pierre Wils}},
	year = {2008},
	file = {9783110284263.661.pdf:/home/mtru/Bibliothek/Speicherort/storage/UE5P98FA/9783110284263.661.pdf:application/pdf}
}